<record xmlns="http://www.openarchives.org/OAI/2.0/" xmlns:xsi="http://www.w3.org/2001/XMLSchema-instance"><header><identifier>oai:alma.34CSIC_INST:990013497010204201</identifier><datestamp>2020-02-06T08:40:59Z</datestamp><setSpec>manuscripta</setSpec></header><metadata><record xmlns="http://www.loc.gov/MARC21/slim" xmlns:xsi="http://www.w3.org/2001/XMLSchema-instance" xsi:schemaLocation="http://www.loc.gov/MARC21/slim http://www.loc.gov/standards/marcxml/schema/MARC21slim.xsd"><leader>11672nam a2200937 i 4500</leader><controlfield tag="005">20181031100336.0</controlfield><controlfield tag="008">100705s17041705              000 0 ara d</controlfield><controlfield tag="001">990013497010204201</controlfield><datafield tag="035" ind1=" " ind2=" "><subfield code="a">CSIC001349701</subfield></datafield><datafield tag="035" ind1=" " ind2=" "><subfield code="a">(ES-MaCSI)001349701MAD01-Aleph</subfield></datafield><datafield tag="035" ind1=" " ind2=" "><subfield code="a">(OCoLC)1123897930
</subfield></datafield><datafield tag="040" ind1=" " ind2=" "><subfield code="a">ES-MaCSI</subfield><subfield code="b">spa</subfield></datafield><datafield tag="245" ind1="1" ind2="0"><subfield code="a">مجموعة مؤلفات حول الشعر واللغة‭</subfield><subfield code="h">[‭Manuscrito]</subfield></datafield><datafield tag="260" ind1=" " ind2=" "><subfield code="c">[entre 1704 y 1705].</subfield></datafield><datafield tag="300" ind1=" " ind2=" "><subfield code="a">294 f. (de los cuales hay 14 sin foliar; 7 al principio, más 7 al final del volumen) y con guardas al principio y al final. ;</subfield><subfield code="c">18,5 x 14,5 cm (caja: 15 x 10 cm). - La dimensión original del folio era 20,5 cm de alto, sin embargo, y tal como se aprecia en los folios 70 y 71, fueron guillotinados en su parte inferior.</subfield></datafield><datafield tag="490" ind1="1" ind2=" "><subfield code="a">Manuscripta</subfield></datafield><datafield tag="546" ind1=" " ind2=" "><subfield code="a">Arabe</subfield><subfield code="b">Escritura magrebí</subfield></datafield><datafield tag="500" ind1=" " ind2=" "><subfield code="a">Título transliterado: Maŷmūʽat muʼallafāt ḥawla l-šiʽr wa-l-luga</subfield></datafield><datafield tag="500" ind1=" " ind2=" "><subfield code="a">Título facticio</subfield></datafield><datafield tag="500" ind1=" " ind2=" "><subfield code="a">Fecha aproximada a partir de las investigaciones de los doctores Sonsoles González García, Domingo Campillo García y Teresa Espejo Arias, publicadas en la revista Al-qantara, v. 38,1 (enero-junio 2017), p. 99-111. La datación de los manuscritos hasta la publicación de este trabajo estaban tomadas del catálogo de Castillo Castillo (1984)</subfield></datafield><datafield tag="500" ind1=" " ind2=" "><subfield code="a">Distribución: Varía la distribución de las obras: 1 col. (de la 2ª a la 4ª obra, más la 8ª), 2 col. (la 1ª y 9ª obra) y 3 col. (de la 5ª a la 7ª obra). Tiene 18 o 19 líneas por página.</subfield></datafield><datafield tag="500" ind1=" " ind2=" "><subfield code="a">Material: Papel</subfield></datafield><datafield tag="500" ind1=" " ind2=" "><subfield code="a">Tinta: Negra y roja</subfield></datafield><datafield tag="500" ind1=" " ind2=" "><subfield code="a">Características especiales: Texto vocalizado en algunas obras y en otras carece de ella.</subfield></datafield><datafield tag="500" ind1=" " ind2=" "><subfield code="a">Ilustración: Ocasionalmente aparecen algunos círculos en tinta negra o algunos gráficos explicativos de algunos contenidos de la obra en cuestión.</subfield></datafield><datafield tag="500" ind1=" " ind2=" "><subfield code="a">Ilustraciones: Los epígrafes de los capítulos aparecen en un trazo mucho más grande y alargado en tinta roja, así como, algunas otras palabras del texto.</subfield></datafield><datafield tag="500" ind1=" " ind2=" "><subfield code="a">Tipo de cuaderno: 30 cuads.: 28 cuadernos originales y 2 añadidos posteriormente: los originales son 27 quiniones (al primer quinión le falta el primer folio) y 1 sextenión (le falta el último folio); mientras que, los añadidos son 2 quiniones incompletos uno al principio y otro al final del volumen.</subfield></datafield><datafield tag="500" ind1=" " ind2=" "><subfield code="a">Deterioros: Buen estado del texto. - La encuadernación deteriorada. - Pequeña rotura en la solapa de cierre. - Además se advierten en algunos folios arrugas, manchas y pliegues.- Fragmento de la encuadernación desprendido de la parte superior del lomo</subfield></datafield><datafield tag="500" ind1=" " ind2=" "><subfield code="a">H en blanco: 21 H en blanco: el folio 5, 14 sin foliar (6 al principio del volumen y 8 al final), y el recto de 4 folios y el verso de 2.</subfield></datafield><datafield tag="500" ind1=" " ind2=" "><subfield code="a">H dañadas, mutiladas, sueltas: No</subfield></datafield><datafield tag="500" ind1=" " ind2=" "><subfield code="a">H faltan o añadidas: 16 H añadidas: 8 al principio del volumen y las otras 8 al final.</subfield></datafield><datafield tag="500" ind1=" " ind2=" "><subfield code="a">Foliación: Sin foliación original. Foliación moderna a lápiz hecha por Concepción Castillo Castillo (1984). - No ha foliado los folios añadidos tanto al principio como al final del volumen.</subfield></datafield><datafield tag="500" ind1=" " ind2=" "><subfield code="a">Reclamos: Reclamos de la mano del copista aparecen en tinta negra en el margen inferior izquierdo de todos los folios verso.</subfield></datafield><datafield tag="500" ind1=" " ind2=" "><subfield code="a">Sign. cuad.: No</subfield></datafield><datafield tag="500" ind1=" " ind2=" "><subfield code="a">Pautado: Punta seca. Líneas rectrices con una regularidad de 7 mm.</subfield></datafield><datafield tag="500" ind1=" " ind2=" "><subfield code="a">Filigrana: Campana con una cartela alargada por encima que alberga flores de 4 pétalos. Escudo ovalado bordeado por el exterior por serpentinas y cuyo interior alberga una cruz. Contrafiligrana: Letras T y P en mayúscula unidas, por la mitad, mediante una línea horizontal y separadas por una línea vertical que hace de tallo de una flor de tres pétalos.</subfield></datafield><datafield tag="563" ind1=" " ind2=" "><subfield code="a">Encuadernación: Cartera con solapa de cierre en piel marrón oscuro sobre cartón deteriorada por el lomo. - La decoración de la tapa está formada por dos orlas de rueda gofrada. Los lomos están lisos, mientras que, en el centro de las tapas como en la solapa la decoración repujada es de de tipo floral. . - Encima de los mosaicos centrales de las tapas se han pegado otros de papel en color rojo.</subfield></datafield><datafield tag="541" ind1=" " ind2=" "><subfield code="a">Procedencia: Universidad de Granada</subfield></datafield><datafield tag="541" ind1=" " ind2=" "><subfield code="a">Ingreso: No consta</subfield></datafield><datafield tag="500" ind1=" " ind2=" "><subfield code="a">Signatura antigua: VOL. X; A-5-10; nº 19; nº 4</subfield></datafield><datafield tag="500" ind1=" " ind2=" "><subfield code="a">Anotaciones: Anotaciones marginales muy frecuentes en tinta negra en todo el volumen excepto en la primera obra (1v-4v) que carece de ellas. También en tinta negra se lee en el recto del primer folio del volumen sin numerar “Nº 4”, mientras que en el verso del sexto aparece un poema. Salmo atribuido a Abu ´Abd Allah Sidi Muhammad b. Yusuf al-Sannusi anotado en el folio 1r. Ensalmo atribuido al Profeta Muhammad precedido por la Basmala y la Tasliya (folios 73v-74r). Otro ensalmo en el folio 129v precedido de la Hamdala y la Tasliya. En el recto de la guarda aparece la anotación IX-4-19, que probablemente responde a una antigua signatura del volumen. Antiguo sello de la Facultad de Filosofía y Letras de la Universidad de Granada.</subfield></datafield><datafield tag="581" ind1=" " ind2=" "><subfield code="a">Descripción: Almagro Cárdenas, A., Catálogo de los manuscritos árabes que se conservan en la Universidad de Granada, Granada, 1899, 18-19. - Catálogo de la Exposición celebrada con motivo del cincuentenario:1932-1982, Granada, 1982, 17. - Castillo Castillo, C., “Manuscritos arábigos que se conservan en la Escuela de Estudios Árabes de Granada”, Cuadernos de historia del Islam 11 (1984), 225-228. - González García, Sonsoles. Estudio de las encuadernaciones originales datadas de la colección de manuscritos de la Biblioteca de la Escuela de Estudios Árabes de Granada. Granada, 2010. - González García, Sonsoles. Estudio de las encuadernaciones originales datadas de la colección de manuscritos árabes de la Biblioteca de la Escuela de Estudios Árabes de Granada : tesis doctoral, Granada, 2014. - González García, Sonsoles; Campillo García, Domingo ; Espejo Arias, Teresa. "Novedades sobre la datación de los manuscritos árabes de la Escuela de Estudios Árabes de Granada", Al-qantara 38,1 (enero-junio 2017), 99-111</subfield></datafield><datafield tag="530" ind1=" " ind2=" "><subfield code="a">Otros soportes: No</subfield></datafield><datafield tag="581" ind1=" " ind2=" "><subfield code="a">Edición: No</subfield></datafield><datafield tag="510" ind1=" " ind2=" "><subfield code="a">Catálogo de los manuscritos árabes que se conservan en la Universidad de Granada</subfield><subfield code="c">p. 18-19</subfield></datafield><datafield tag="510" ind1="4" ind2=" "><subfield code="a">Catálogo de la Exposición celebrada con motivo del cincuentenario: 1932-1982</subfield><subfield code="c">p. 17</subfield></datafield><datafield tag="510" ind1="4" ind2=" "><subfield code="a">Manuscritos arábigos que se conservan en la Escuela de Estudios Árabes de Granada</subfield><subfield code="a">p. 225-228</subfield></datafield><datafield tag="510" ind1="4" ind2=" "><subfield code="a">Novedades sobre la datación de los manuscritos árabes de la Escuela de Estudios Árabes de Granada</subfield><subfield code="c">p. 104-106</subfield></datafield><datafield tag="520" ind1="2" ind2=" "><subfield code="a">Contenido: Al-Jazraŷiyya (1v-4v) [s. f.]. - Šarḥ al-qaṣīḍa al-Jazraŷiyya (6v-73r) - Šarḥ qaṣīḍa Ḍiyāʼ al-Dīn al-Jazraŷī (74v-129r) [1704] 1116 de la Hégira. - Al-Rāyāt al-samhariyya fi šarḥ al-maqṣūra al-Jazraŷiyya (130r-263v) [1705] 1116 de la Hégira. - Muṯallaṯ Qutrub (264v-266v) [s.f.]. - [Muṯallaṯ Qutrub] (267v-269r) [s. f.]. - Šarḥ mā naẓama man taqaddamā min udabāʼ al-ʽulamā Muṯallaṯā li-Qutrub (270r-272r) [s. f.]. - Tafsīr Kitāb al-Muṯallaṯ (272v-278v) [s. f.]. - Ŷamʽ masāʼil min al-lugāt (278v-280v) [s. f.]</subfield></datafield><datafield tag="650" ind1=" " ind2="7"><subfield code="a">Arabe</subfield><subfield code="x">Versificación</subfield><subfield code="v">Manuscritos.</subfield><subfield code="2">CSICAU</subfield></datafield><datafield tag="650" ind1=" " ind2="7"><subfield code="a">Arabe</subfield><subfield code="v">Manuscritos.</subfield><subfield code="2">CSICAU</subfield></datafield><datafield tag="600" ind1="1" ind2="7"><subfield code="a">Jazraŷī, ʽAbd Allāh b. ʽUṯmān al-</subfield><subfield code="d">(s.XII/XIII)</subfield><subfield code="t">Al-Jazraŷiyya</subfield><subfield code="x">Crítica e interpretación</subfield><subfield code="v">Manuscritos</subfield><subfield code="2">CSICAU</subfield></datafield><datafield tag="600" ind1="1" ind2="7"><subfield code="a">Quṭrub, Muḥammad b. al-Mustanīr</subfield><subfield code="d">(m. 821 ó 2)</subfield><subfield code="t">Muṯallaṯ</subfield><subfield code="x">Crítica e interpretación</subfield><subfield code="v">Manuscritos</subfield><subfield code="2">CSICAU</subfield></datafield><datafield tag="650" ind1=" " ind2="7"><subfield code="a">Filología árabe</subfield><subfield code="v">Manuscritos.</subfield><subfield code="2">CSICAU</subfield></datafield><datafield tag="740" ind1="0" ind2=" "><subfield code="a">Maŷmūʽat muʼallafāt ḥawla l-šiʽr wa-l-luga</subfield></datafield><datafield tag="740" ind1="0" ind2=" "><subfield code="a">الرايات السّمهرية في شرح المقصورة الخزرَجيَّهْ</subfield></datafield><datafield tag="740" ind1="0" ind2=" "><subfield code="a">Al-rāyāt al-samhariyya fi šarḥ al-maqṣūra al-Jazraŷiyya</subfield></datafield><datafield tag="740" ind1="0" ind2=" "><subfield code="a">شرح ما نظم من تقدما من ادباء العلما مثلثا لقُطرب</subfield></datafield><datafield tag="740" ind1="0" ind2=" "><subfield code="a">Šarḥ mā naẓama man taqaddamā min udabāʼ al-ʽulamā Muṯallaṯā li-Quṭrub</subfield></datafield><datafield tag="740" ind1="0" ind2=" "><subfield code="a">مثلث قطرب</subfield></datafield><datafield tag="740" ind1="0" ind2=" "><subfield code="a">Muṯallaṯ Quṭrub</subfield></datafield><datafield tag="740" ind1="0" ind2=" "><subfield code="a">تَفْسِيرُ كِتَابُ الْمُثَلَّث</subfield></datafield><datafield tag="740" ind1="0" ind2=" "><subfield code="a">Tafsīr Kitāb al-Muṯallaṯ</subfield></datafield><datafield tag="740" ind1="0" ind2=" "><subfield code="a">جَمْعُ مَسَائِلَ مِنَ اللُّغَات</subfield></datafield><datafield tag="740" ind1="0" ind2=" "><subfield code="a">Ŷamʽ masāʼil min al-lugāt</subfield></datafield><datafield tag="740" ind1="0" ind2=" "><subfield code="a">شرح قصيدة ضياء الدين الخزرجي</subfield></datafield><datafield tag="740" ind1="0" ind2=" "><subfield code="a">Šarḥ qaṣīdat Ḍiyāʼ al-Dīn al-Jazraŷī</subfield></datafield><datafield tag="740" ind1="0" ind2=" "><subfield code="a">شرح القصيدة الخَزْرَجِيَّة</subfield></datafield><datafield tag="740" ind1="0" ind2=" "><subfield code="a">Šarḥ al-qaṣīda al-Jazraŷiyya</subfield></datafield><datafield tag="740" ind1="0" ind2=" "><subfield code="a">الخَزْرَجِيَّة</subfield></datafield><datafield tag="740" ind1="0" ind2=" "><subfield code="a">Al-Jazraŷiyya</subfield></datafield><datafield tag="700" ind1="1" ind2=" "><subfield code="a">Ibn Bādrīs, Barakāt b. `Abd al-Raḥmān.</subfield></datafield><datafield tag="700" ind1="1" ind2=" "><subfield code="a">Magribī, `Abd al-`Azīz al-</subfield></datafield><datafield tag="700" ind1="1" ind2=" "><subfield code="a">Bahnasī, `Abd al-Wahhāb b. al-Ḥasan al-</subfield><subfield code="d">(m. 1286 ó 7).</subfield></datafield><datafield tag="700" ind1="1" ind2=" "><subfield code="a">Quṭrub, Muḥammad b. al-Mustanīr,</subfield><subfield code="d">(m. 821 ó 2).</subfield></datafield><datafield tag="700" ind1="1" ind2=" "><subfield code="a">Šarīf al-Garnāṭī, Muḥammad b. Aḥmad al-</subfield><subfield code="d">(1297 ó 8-1359).</subfield></datafield><datafield tag="700" ind1="1" ind2=" "><subfield code="a">Zamūrī, al-Futūḥ b. `Īsà al-</subfield></datafield><datafield tag="700" ind1="1" ind2=" "><subfield code="a">Jazraŷī, `Abd Allāh b. `Uṯmān al-</subfield><subfield code="d">(s.XII/XIII).</subfield></datafield><datafield tag="830" ind1=" " ind2="0"><subfield code="a">Manuscripta</subfield></datafield><datafield tag="856" ind1="4" ind2="1"><subfield code="u">http://aleph.csic.es/imagenes/mad01/0006_PMSC/P_001349701_782853_V00.pdf</subfield><subfield code="z">Descargar Pdf completo (95M)</subfield><subfield code="m">CSIC</subfield></datafield><datafield tag="856" ind1="4" ind2="1"><subfield code="u">http://simurg.bibliotecas.csic.es/viewer/image/CSIC001349701/1/</subfield><subfield code="z">Ver texto completo en SIMURG, el portal de fondos digitalizados del CSIC</subfield><subfield code="m">CSIC</subfield></datafield><datafield tag="856" ind1="4" ind2="1"><subfield code="u">http://aleph.csic.es/imagenes/mad01/0006_PMSC/html/001349701.html</subfield><subfield code="z">Ver texto completo en Bookreader</subfield></datafield></record></metadata></record>